@unpublished{exploring-ns,
	TITLE = {{Exploring the tree of numerical semigroups}},
	AUTHOR = {Fromentin, Jean and Hivert, Florent},
	URL = {https://hal.archives-ouvertes.fr/hal-00823339},
	NOTE = {14 pages},
	YEAR = {2013},
	MONTH = May,
	KEYWORDS = {semigroups ; tree ; algorithm ; SSE ; Cilk ; optimization},
	PDF = {https://hal.archives-ouvertes.fr/hal-00823339/file/article.pdf},
	HAL_ID = {hal-00823339},
	HAL_VERSION = {v3},
}

@unpublished{fh-hpc,
	TITLE = {{HPC in Combinatorics: Application of Work-Stealing}},
	AUTHOR = {{Florent Hivert}},
	PDF = {{https://github.com/OpenDreamKit/OpenDreamKit/raw/master/WP5/T5.6/HPC-Combi.pdf}},
	YEAR = {2015},
	MONTH = March,
}

@incollection{ba2005,
	author = {Bras-Amor\'{o}s, M.},
	booktitle = {Arithmetic, geometry and coding theory ({AGCT} 2003)},
	mrclass = {20M14 (94B27)},
	mrnumber = {2182835 (2006i:20067)},
	mrreviewer = {J. L. Chrislock},
	pages = {21--28},
	publisher = {Soc. Math. France, Paris},
	series = {S\'{e}min. Congr.},
	title = {Addition behavior of a numerical semigroup},
	volume = {11},
	year = {2005}
}

@Article{ba2008,
	author="Bras-Amor{\'o}s, Maria",
	title="Fibonacci-like behavior of the number of numerical semigroups of a given genus",
	journal="Semigroup Forum",
	year="2008",
	volume="76",
	number="2",
	pages="379--384",
}

@article{cilk,
 author = {Blumofe, Robert D. and Joerg, Christopher F. and Kuszmaul, Bradley C. and Leiserson, Charles E. and Randall, Keith H. and Zhou, Yuli},
 title = {Cilk: An Efficient Multithreaded Runtime System},
 journal = {SIGPLAN Not.},
 issue_date = {Aug. 1995},
 volume = {30},
 number = {8},
 month = aug,
 year = {1995},
 pages = {207--216},
 numpages = {10},
 url = {http://doi.acm.org/10.1145/209937.209958},
 doi = {10.1145/209937.209958},
 acmid = {209958},
 publisher = {ACM},
 address = {New York, NY, USA},
}

@article{work-stealing,
	acmid = {324234},
	address = {New York, NY, USA},
	author = {Blumofe, Robert D. and Leiserson, Charles E.},
	bdsk-url-1 = {http://doi.acm.org/10.1145/324133.324234},
	bdsk-url-2 = {http://dx.doi.org/10.1145/324133.324234},
	date-modified = {2014-11-03 09:11:26 +0000},
	doi = {10.1145/324133.324234},
	issue_date = {Sept. 1999},
	journal = {J. ACM},
	keywords = {critical-path length; multiprocessor; multithreading; randomized algorithm; thread scheduling; work stealing},
	month = sep,
	number = {5},
	numpages = {29},
	pages = {720--748},
	publisher = {ACM},
	title = {Scheduling Multithreaded Computations by Work Stealing},
	url = {http://doi.acm.org/10.1145/324133.324234},
	volume = {46},
	year = {1999}
}

@article{csp,
 author = {Hoare, C. A. R.},
 title = {Communicating Sequential Processes},
 journal = {Commun. ACM},
 issue_date = {Aug. 1978},
 volume = {21},
 number = {8},
 month = aug,
 year = {1978},
 pages = {666--677},
 numpages = {12},
 acmid = {359585},
 publisher = {ACM}
} 

